<?xml version="1.0" encoding="UTF-8"?><collection xmlns="http://www.loc.gov/MARC21/slim"><record><leader>00482nam--2200193-u-4500</leader><controlfield tag="001">000055385</controlfield><controlfield tag="002">20161230</controlfield><controlfield tag="005">20161230201052</controlfield><controlfield tag="008">130123s1000------------r-----000-0-rus-d</controlfield><datafield ind1=" " ind2=" " tag="040"><subfield code="a">IFIN-HH</subfield></datafield><datafield ind1=" " ind2=" " tag="041"><subfield code="a">rus</subfield></datafield><datafield ind1=" " ind2=" " tag="080"><subfield code="a">539.3.001</subfield></datafield><datafield ind1="1" ind2=" " tag="100"><subfield code="a">Guzi, A.N</subfield></datafield><datafield ind1="1" ind2="0" tag="245"><subfield code="a">Difraktia uprugih voln</subfield><subfield code="c">A.n. guzi, v.d. kubenko, m.a. cerevko</subfield></datafield><datafield ind1=" " ind2=" " tag="260"><subfield code="a">Kiev</subfield><subfield code="b">Naukava Dumka</subfield><subfield code="c">1978</subfield></datafield><datafield ind1=" " ind2=" " tag="300"><subfield code="a">306P</subfield></datafield><datafield ind1="1" ind2=" " tag="700"><subfield code="a">Cerevko, M.A</subfield></datafield><datafield ind1=" " ind2=" " tag="852"><subfield code="a">75448</subfield><subfield code="c">539.3</subfield></datafield><datafield ind1=" " ind2=" " tag="CAT"><subfield code="a">Sys</subfield><subfield code="c">20130123</subfield><subfield code="h">130826</subfield></datafield></record></collection>